@misc{lim24securing,
      title={Securing Monolithic Kernels using Compartmentalization},
      author={Soo Yee Lim and Sidhartha Agrawal and Xueyuan Han and David Eyers and Dan O'Keeffe and Thomas Pasquier},
      year={2024},
      eprint={2404.08716},
      archivePrefix={arXiv},
      primaryClass={cs.CR},
      url={https://arxiv.org/abs/2404.08716},
}
